
@book{devore2012,
	title = {Modern Mathematical Statistics with Applications},
	author = {Devore, Jay L. and Berk, Kenneth N.},
	year = {2012},
	date = {2012},
	publisher = {Springer New York},
	doi = {10.1007/978-1-4614-0391-3},
	url = {http://dx.doi.org/10.1007/978-1-4614-0391-3}
}
